% Preprints

% This link did not work for me... need to check again later or email jrg3[at]email.sc.edu or jonathongardner47[at]gmail.com for more info.
% http://search.proquest.com/openview/6e4c88d1a6069d43cae2c79ed30fbdb0/1?pq-origsite=gscholar&cbl=18750&diss=y
@phdthesis{Gardner_thesis,
  author = {J.~Gardner},
  school = {University of South Carolina},
  title  = {{Modeling radionuclide diffusion using MOOSE, a multiscale, multiphysics platform}},
  month  = dec,
  year   = 2016
}

% http://iopscience.iop.org/10.1088/1361-6595/aa638b
@Article{Sahai_2017,
  author  = {A.~Sahai and N.~N.~Mansour and B.~Lopez and M.~Panesi},
  title   = {{Modeling of high pressure arc-discharge with a fully-implicit Navier-Stokes stabilized finite element flow solver}},
  journal = {Plasma Sources Science and Technology},
  month   = mar,
  year    = 2017,
  note    = {\url{http://dx.doi.org/10.1088/1361-6595/aa638b}}
}

@Article{Luo_2017,
  author  = {L.~Luo and Q.~Zhang and X.-P.~Wang and X.-C.~Cai},
  title   = {{A parallel finite element method for 3D two-phase moving contact line problems in complex domains}},
  journal = {Journal of Scientific Computing},
  month   = feb,
  year    = 2017,
  note    = {\url{http://dx.doi.org/10.1007/s10915-017-0391-1}}
}

@Article{Delchini_2017,
   author = {M.~O.~Delchini and J.~C.~Ragusa and J.~Ferguson},
    title = {Viscous regularization of the full set of nonequilibrium-diffusion gray radiation-hydrodynamic equations},
  journal = {International Journal for Numerical Methods in Fluids},
    month = feb,
     year = 2017,
     note = {\url{http://dx.doi.org/10.1002/fld.4371}}
}

@Article{Senecal_2017,
   author = {J.~P.~Senecal and W.~Ji},
    title = {Approaches for mitigating over-solving in multiphysics simulations},
  journal = {International Journal for Numerical Methods in Engineering},
    month = jan,
     year = 2017,
     note = {\url{http://dx.doi.org/10.1002/nme.5516}}
}

% Large deformation version of Berger_2015.
% http://tinyurl.com/jpvz6z6
% http://www.cs.ox.ac.uk/people/lorenz.berger/nonlinear-poroelasticity.pdf
% author:berger author:bordas author:kay author:tavener nonlinear poroelasticity
@Article{Berger_2017,
   author = {L.~Berger and R.~Bordas and D.~Kay and S.~Tavener},
    title = {A stabilized finite element method for finite-strain three-field poroelasticity},
  journal = {Computational Mechanics},
     year = 2017,
     note = {\url{http://dx.doi.org/10.1007/s00466-017-1381-8}}
}

% http://link.springer.com/article/10.1007%2Fs12008-016-0308-5
@Article{Mejia_2016,
   author = {D.~Mejia and A.~Moreno and O.~Ruiz-Salguero and I.~Barandiaran},
    title = {{Appraisal of open software for finite element simulation of 2D metal sheet laser cut}},
  journal = {International Journal on Interactive Design and Manufacturing},
    month = mar,
     year = 2016,
    pages = {1--12},
     note = {\url{http://dx.doi.org/10.1007/s12008-016-0308-5}}
}
